@INPROCEEDINGS{UrcolaIROS08,
author = {P. Urcola and L. Riazuelo and M. T. L\'azaro and L. Montano},
title = {Cooperative Navigation using environment compliant robot formations.},
booktitle = {IEEE/RSJ International Conference on Intelligent Robots and Systems (IROS08)},
month = {Sept 22-26},
year = {2008},
pages = {2789-2794},
address = {Nice, France}
}

@Online{technomatix_kuka_youbot,
title = {KUKA YOUBOT},
url = {http://www.technomatix.ru/kuka-youbot},
Urldate = {08.03.2017},
language = {russian}
}

@Online{youbot_detailed_specifications,
title = {YouBot Detailed Specifications},
url = {http://www.youbot-store.com/wiki/index.php/YouBot\_Detailed\_Specifications},
Urldate = {04.04.2017},
language = {russian}
}